
@Article{documentation_bib,
  author	= 	 {Author One and Author Two},
  title		= 	 {A Sample Publication},
  year		= 	 {2010}
}
